<?xml version="1.0" encoding="UTF-8" ?>
<collection xmlns:xsi="http://www.w3.org/2001/XMLSchema-instance" xsi:schemaLocation="http://www.loc.gov/MARC21/slim http://www.loc.gov/standards/marcxml/schema/MARC21slim.xsd" xmlns="http://www.loc.gov/MARC21/slim">
   <record>
      <leader>     cam a22        4500</leader>
      <controlfield tag="001">2392294</controlfield>
      <controlfield tag="003">NIC</controlfield>
      <controlfield tag="005">20140816231030.0</controlfield>
      <controlfield tag="008">921102m19701974iq h     b    000 0 arax </controlfield>
      <datafield tag="010" ind1=" " ind2=" ">
         <subfield code="a">   71962714  </subfield>
      </datafield>
      <datafield tag="035" ind1=" " ind2=" ">
         <subfield code="a">(CStRLIN)NYCX92B33520</subfield>
      </datafield>
      <datafield tag="035" ind1=" " ind2=" ">
         <subfield code="a">(NIC)notisAMA5814</subfield>
      </datafield>
      <datafield tag="035" ind1=" " ind2=" ">
         <subfield code="a">(OCoLC)15233093</subfield>
      </datafield>
      <datafield tag="035" ind1=" " ind2=" ">
         <subfield code="a">2392294</subfield>
      </datafield>
      <datafield tag="040" ind1=" " ind2=" ">
         <subfield code="c">NN</subfield>
         <subfield code="d">NN</subfield>
         <subfield code="d">NNU</subfield>
      </datafield>
      <datafield tag="050" ind1=" " ind2="4">
         <subfield code="a">KBL</subfield>
         <subfield code="b">.S58 1970</subfield>
      </datafield>
      <datafield tag="100" ind1="1" ind2=" ">
         <subfield code="a">Simanānī, ʻAlī ibn Muḥammad,</subfield>
         <subfield code="d">-1106.</subfield>
      </datafield>
      <datafield tag="245" ind1="1" ind2="0">
         <subfield code="a">Rawḍat al-quḍāh wa-ṭarīq al-najāh /</subfield>
         <subfield code="c">li-Abī al-Qāsim ʻAlī ibn Muḥammad ibn Aḥmad al-Raḥbī al-Simanānī. Ḥaqqaqahā wa-qaddama lahā wa-tarjama li-muṣannifihā Ṣalāḥ al-Dīn al-Nāhī.</subfield>
      </datafield>
      <datafield tag="260" ind1=" " ind2=" ">
         <subfield code="a">Baghdād,</subfield>
         <subfield code="b">Maṭbaʻat Asʻad,</subfield>
         <subfield code="c">1970-1974.</subfield>
      </datafield>
      <datafield tag="300" ind1=" " ind2=" ">
         <subfield code="a">4 v. (1550 p.)</subfield>
         <subfield code="b">facsims.</subfield>
         <subfield code="c">26 cm.</subfield>
      </datafield>
      <datafield tag="490" ind1="1" ind2=" ">
         <subfield code="a">Dirāsāt Islāmīyah, ahamm al-makhṭūṭāt al-fiqhīyah,</subfield>
         <subfield code="v">4</subfield>
      </datafield>
      <datafield tag="500" ind1=" " ind2=" ">
         <subfield code="a">Bibliography: v. 1, p. 34-35.</subfield>
      </datafield>
      <datafield tag="650" ind1=" " ind2="0">
         <subfield code="a">Justice, Administration of (Islamic law)</subfield>
      </datafield>
      <datafield tag="700" ind1="1" ind2=" ">
         <subfield code="a">al-Nāhī, Ṣalāḥ al-Dīn.</subfield>
      </datafield>
      <datafield tag="830" ind1=" " ind2="0">
         <subfield code="a">Dirāsāt Islāmīyah, ahamm al-makhṭūṭāt al-fiqhīyah ;</subfield>
         <subfield code="v">4.</subfield>
      </datafield>
      <datafield tag="905" ind1=" " ind2=" ">
         <subfield code="a">19981012120000.0</subfield>
      </datafield>
      <datafield tag="950" ind1=" " ind2=" ">
         <subfield code="l">LAW</subfield>
         <subfield code="a">K804.C2</subfield>
         <subfield code="b">S58</subfield>
         <subfield code="v">v.1</subfield>
         <subfield code="i">11/02/92 N</subfield>
      </datafield>
      <datafield tag="903" ind1=" " ind2=" ">
         <subfield code="a">NYUACO</subfield>
         <subfield code="d">20141028</subfield>
         <subfield code="p">31924022074391</subfield>
      </datafield>
      <datafield tag="950" ind1=" " ind2=" ">
         <subfield code="a">KBL</subfield>
         <subfield code="b">.S58 1970</subfield>
         <subfield code="v">v.1 </subfield>
      </datafield>
   </record>
</collection>
